@ARTICLE{muzero,
       author = {{Schrittwieser}, Julian and {Antonoglou}, Ioannis and {Hubert}, Thomas and
         {Simonyan}, Karen and {Sifre}, Laurent and {Schmitt}, Simon and
         {Guez}, Arthur and {Lockhart}, Edward and {Hassabis}, Demis and
         {Graepel}, Thore and {Lillicrap}, Timothy and {Silver}, David},
        title = "{Mastering Atari, Go, Chess and Shogi by Planning with a Learned Model}",
      journal = {arXiv e-prints},
     keywords = {Computer Science - Machine Learning, Statistics - Machine Learning},
         year = 2019,
        month = nov,
          eid = {arXiv:1911.08265},
        pages = {arXiv:1911.08265},
archivePrefix = {arXiv},
       eprint = {1911.08265},
 primaryClass = {cs.LG},
       adsurl = {https://ui.adsabs.harvard.edu/abs/2019arXiv191108265S},
      adsnote = {Provided by the SAO/NASA Astrophysics Data System}
}